<record><leader>00000cas a22000007a 4500</leader><controlfield tag="001">16160546</controlfield><controlfield tag="008">870710d18871894iaucr ne      0    0eng d</controlfield><datafield ind1=" " ind2=" " tag="010"><subfield code="a">sn 87057486 </subfield></datafield><datafield ind1=" " ind2=" " tag="040"><subfield code="a">INP</subfield><subfield code="b">eng</subfield><subfield code="c">INP</subfield><subfield code="d">OCLCQ</subfield></datafield><datafield ind1=" " ind2=" " tag="042"><subfield code="a">msc</subfield></datafield><datafield ind1="0" ind2="4" tag="245"><subfield code="a">The Shenandoah sentinel.</subfield></datafield><datafield ind1="3" ind2="0" tag="246"><subfield code="a">Daily sentinel</subfield></datafield><datafield ind1=" " ind2=" " tag="260"><subfield code="a">Shenandoah, Page County, Iowa :</subfield><subfield code="b">[C.N. Marvin],</subfield><subfield code="c">1887-1894.</subfield></datafield><datafield ind1=" " ind2=" " tag="300"><subfield code="a">7 v.</subfield></datafield><datafield ind1=" " ind2=" " tag="310"><subfield code="a">Semiweekly,</subfield><subfield code="b">July 11, 1893-1894</subfield></datafield><datafield ind1=" " ind2=" " tag="321"><subfield code="a">Weekly,</subfield><subfield code="b">1887-July 6, 1893</subfield></datafield><datafield ind1="0" ind2=" " tag="362"><subfield code="a">Vol. 1, no. 1 (Nov. 25, 1887)-v. 7, no. 18 (Jan. 23, 1894).</subfield></datafield><datafield ind1=" " ind2=" " tag="500"><subfield code="a">Issued daily, Sept 6-9, 1892, and &lt;Sept. 12, 1893&gt;, during the county fair, and called: Daily sentinel.</subfield></datafield><datafield ind1=" " ind2=" " tag="752"><subfield code="a">United States</subfield><subfield code="b">Iowa</subfield><subfield code="c">Page</subfield><subfield code="d">Shenandoah.</subfield></datafield><datafield ind1="0" ind2="0" tag="785"><subfield code="t">Semi-weekly sentinel (Shenandoah, Iowa)</subfield><subfield code="w">(DLC)sn 87057761</subfield></datafield></record>